<record><leader>00000cas a22000007a 4500</leader><controlfield tag="001">16726530</controlfield><controlfield tag="008">870922d18911892txuwr ne      0    0eng d</controlfield><datafield ind1=" " ind2=" " tag="010"><subfield code="a">sn 87090815 </subfield></datafield><datafield ind1=" " ind2=" " tag="040"><subfield code="a">PPM</subfield><subfield code="b">eng</subfield><subfield code="c">PPM</subfield><subfield code="d">OCLCQ</subfield></datafield><datafield ind1=" " ind2=" " tag="042"><subfield code="a">msc</subfield></datafield><datafield ind1="0" ind2=" " tag="130"><subfield code="a">St. Mary's weekly review (San Antonio, Tex.)</subfield></datafield><datafield ind1="1" ind2="0" tag="245"><subfield code="a">St. Mary's weekly review.</subfield></datafield><datafield ind1=" " ind2=" " tag="260"><subfield code="a">San Antonio, Tex. :</subfield><subfield code="b">Charles Boyle</subfield></datafield><datafield ind1=" " ind2=" " tag="310"><subfield code="a">Weekly</subfield></datafield><datafield ind1="1" ind2=" " tag="362"><subfield code="a">Began in 1891? Ceased in Jan. 1892.</subfield></datafield><datafield ind1=" " ind2=" " tag="588"><subfield code="a">Description based on: Vol. 1, no. 10 (June 6, 1891).</subfield></datafield><datafield ind1=" " ind2=" " tag="752"><subfield code="a">United States</subfield><subfield code="b">Texas</subfield><subfield code="c">Bexar</subfield><subfield code="d">San Antonio.</subfield></datafield><datafield ind1="0" ind2="0" tag="780"><subfield code="t">St. Mary's review (San Antonio, Tex.)</subfield><subfield code="w">(DLC)sn 87090814</subfield></datafield><datafield ind1="0" ind2="0" tag="785"><subfield code="t">San Antonio messenger</subfield><subfield code="w">(DLC)sn 87090816</subfield></datafield></record>